@incollection{Baldini2017-zf,
    title        = {Serverless Computing: Current Trends and Open Problems},
    author       = {I. Baldini and P. Castro and K. Chang and P. Cheng and S. Fink and V. Ishakian and N. Mitchell and V. Muthusamy and R. Rabbah and A. Slominski and P. Suter},
    year         = 2017,
    booktitle    = {Research Advances in Cloud Computing},
    publisher    = {Springer Singapore},
    pages        = {1--20}
}
@inproceedings{McGrath2017-or,
    title        = {Serverless Computing: Design, Implementation, and Performance},
    author       = {G. McGrath and P. R. Brenner},
    year         = 2017,
    month        = jun,
    booktitle    = {2017 IEEE 37th International Conference on Distributed Computing Systems Workshops (ICDCSW)},
    pages        = {405--410}
}
@article{versionVektor,
    title        = {Detection of Mutual Inconsistency in Distributed Systems},
    author       = {D. Stott Parker and Gerald J. Popek and Gerald Rudisin and Allen Stoughton and Bruce J. Walker and Evelyn Walton and Johanna M. Chow and David Edwards and Stephen Kiser and Charles Kline},
    year         = 1983,
    journal      = {IEEE Transactions on Software Engineering},
    publisher    = {IEEE},
    volume       = {SE-9},
    number       = 3,
    pages        = {240--247}
}
@article{paxos1998,
    title        = {The part-time parliament},
    author       = {Lamport, Leslie},
    year         = 1998,
    journal      = {ACM Transactions on Computer Systems},
    publisher    = {ACM},
    volume       = 16,
    number       = 2,
    pages        = {133--169}
}
@article{paxos2001,
    title        = {Paxos made simple},
    author       = {Lamport, Leslie},
    year         = 2001,
    journal      = {ACM Sigact News},
    volume       = 32,
    number       = 4,
    pages        = {18--25}
}
@article{cassandra2010,
    title        = {Cassandra: a decentralized structured storage system},
    author       = {Lakshman, Avinash and Malik, Prashant},
    year         = 2010,
    journal      = {ACM SIGOPS Operating Systems Review},
    publisher    = {ACM},
    volume       = 44,
    number       = 2,
    pages        = {35--40}
}
@article{lamport1982byzantine,
    title        = {The Byzantine generals problem},
    author       = {Lamport, Leslie and Shostak, Robert and Pease, Marshall},
    year         = 1982,
    journal      = {ACM Transactions on Programming Languages and Systems},
    publisher    = {ACM},
    volume       = 4,
    number       = 3,
    pages        = {382--401}
}
@online{TheInquisitiveMind,
    title        = {Ohnmacht – Über das Gefühl, das Leben nicht im Griff zu haben},
    year         = 2018,
    url          = {http://de.in-mind.org/article/ohnmacht-ueber-das-gefuehl-das-leben-nicht-im-griff-zu-haben},
    urldate      = {2019-01-23},
    editor       = {de.in-mind.org}
}
@inproceedings{paper_zhang_cloud_is_not_enough_GDP,
    title        = {The Cloud Is Not Enough: Saving IoT From the Cloud},
    author       = {B. Zhang and N. Mor and J. Kolb and D. S. Chan and K. Lutz and E. Allman and J. Wawrzynek and E. A. Lee and J. Kubiatowicz},
    year         = 2015,
    month        = jul,
    booktitle    = {{7th {USENIX} Workshop on Hot Topics in Cloud Computing (HotCloud '15)}}
}
@inproceedings{paper_bermbach_fog_computing,
    title        = {A Research Perspective on Fog Computing},
    author       = {D. Bermbach and F. Pallas and D. G. P{\'e}rez and P. Plebani and M. Anderson and R. Kat and S. Tai},
    year         = 2018,
    month        = nov,
    booktitle    = {{Service-Oriented} Computing -- {ICSOC} 2017 Workshops},
    pages        = {198--210}
}
@inproceedings{Bonomi2012-if,
    title        = {Fog Computing and its Role in the Internet of Things},
    author       = {F. Bonomi and R. Milito and J. Zhu and S. Addepalli},
    year         = 2012,
    month        = aug,
    booktitle    = {MCC Workshop on Mobile Cloud Computing, MCC@SIGCOMM 2012},
    pages        = {13--15}
}
@inproceedings{Laaroussi2018-fk,
    title        = {Service Provisioning in Vehicular Networks Through Edge and Cloud: An Empirical Analysis},
    author       = {Z. Laaroussi and R. Morabito and T. Taleb},
    year         = 2018,
    month        = oct,
    booktitle    = {IEEE Conference on Standards for Communications and Networking},
    pages        = {1--6}
}
@inproceedings{Naik2017-cn,
    title        = {Choice of Effective Messaging Protocols for IoT Systems: MQTT, CoAP, AMQP and HTTP},
    author       = {Nitin Naik},
    year         = 2017,
    month        = oct,
    booktitle    = {2017 IEEE International Systems Engineering Symposium (ISSE)},
    pages        = {1--7}
}
@inproceedings{Palade2019-mo,
    title        = {An Evaluation of Open Source Serverless Computing Frameworks Support at the Edge},
    author       = {A. Palade and A. Kazmi and S. Clarke},
    year         = 2019,
    month        = may,
    booktitle    = {The First IEEE SERVICES Workshop on Serverless Computing (SWoSC)},
    pages        = {206--211}
}
@inproceedings{paper_schroeder_open_closed_workloads,
    title        = {Open Versus Closed: A Cautionary Tale},
    author       = {B. Schroeder and A. Wierman and M. Harchol-Balter},
    year         = 2006,
    month        = apr,
    booktitle    = {Proceedings of the 3rd Conference on Networked Systems Design \& Implementation},
    pages        = {239--252}
}
@inproceedings{paper_cooper_ycsb,
    title        = {Benchmarking Cloud Serving Systems with YCSB},
    author       = {B. F. Cooper and A. Silberstein and E. Tam and R. Ramakrishnan and R. Sears},
    year         = 2010,
    month        = jun,
    booktitle    = {Proceedings of the 1st Symposium on Cloud Computing (SOCC)},
    pages        = {143--154}
}
@inproceedings{Akkus2018-gj,
    title        = {SAND: Towards High-Performance Serverless Computing},
    author       = {I. E. Akkus and R. Chen and I. Rimac and M. Stein and K. Satzke and A. Beck and P. Aditya and V. Hilt},
    year         = 2018,
    month        = jul,
    booktitle    = {2018 USENIX Annual Technical Conference (USENIX ATC '18)},
    pages        = {923--935}
}
@inproceedings{Rausch2019-eo,
    title        = {Towards a Serverless Platform for Edge AI},
    author       = {T. Rausch and W. Hummer and V. Muthusamy and A. Rashed and S. Dustdar},
    year         = 2019,
    month        = jul,
    booktitle    = {2nd USENIX Workshop on Hot Topics in Edge Computing (HotEdge '19)}
}
@inproceedings{Shillaker2018-di,
    title        = {A Provider-Friendly Serverless Framework for Latency-Critical Applications},
    author       = {S. Shillaker},
    year         = 2018,
    month        = apr,
    booktitle    = {12th Eurosys Doctoral Workshop},
    pages        = 71
}
@inproceedings{paper_hellerstein_serverless,
    title        = {Serverless Computing: One Step Forward, Two Steps Back},
    author       = {J. M. Hellerstein and J. Faleiro and J. E. Gonzalez and J. Schleier-Smith and V. Sreekanti and A. Tumanov and C. Wu},
    year         = 2019,
    month        = jan,
    booktitle    = {Proceedings of CIDR}
}
@inproceedings{Hall2019-im,
    title        = {An Execution Model for Serverless Functions at the Edge},
    author       = {A. Hall and U. Ramachandran},
    year         = 2019,
    month        = apr,
    booktitle    = {International Conference on Internet of Things Design and Implementation},
    pages        = {225--236}
}
@inproceedings{Karhula2019-en,
    title        = {Checkpointing and Migration of IoT Edge Functions},
    author       = {P. Karhula and J. Janak and H. Schulzrinne},
    year         = 2019,
    month        = mar,
    booktitle    = {2nd International Workshop on Edge Systems, Analytics and Networking},
    pages        = {60--65}
}
@inproceedings{Bermbach2020-sf,
    title        = {Towards Auction-Based Function Placement in Serverless Fog Platforms},
    author       = {D. Bermbach and S. Maghsudi and J. Hasenburg and T. Pfandzelter},
    year         = 2020,
    booktitle    = {Proceedings of the 2nd {IEEE} {International} {Conference} on {Fog} {Computing} 2020 (ICFC 2020)}
}
@inproceedings{Pfandzelter2019-so,
    title        = {IoT Data Processing in the Fog: Functions, Streams, or Batch Processing?},
    author       = {Tobias Pfandzelter and David Bermbach},
    year         = 2019,
    month        = jun,
    booktitle    = {Proceedings of the 1st Workshop on Efficient Data Movement in Fog Computing (DaMove 2019)},
    publisher    = {IEEE},
    pages        = {201--206}
}
@article{sieve,
    title        = {The Sieve of Eratosthenes. Being an Account of His Method of Finding All the Prime Numbers},
    author       = {Rev. Samuel Horsley, F. R. S.},
    year         = 1772,
    journal      = {Philosophical Transactions},
    volume       = 62,
    pages        = {327--347}
}
@book{book_bermbach_cloud_service_benchmarking,
    title        = {Cloud Service Benchmarking: Measuring Quality of Cloud Services from a Client Perspective},
    author       = {D. Bermbach and E. Wittern and S. Tai},
    year         = 2017,
    publisher    = {Springer}
}
@online{Breitgand2018-fs,
    title        = {Lean OpenWhisk: Open Source FaaS for Edge Computing},
    author       = {D. Breitgand},
    year         = 2018,
    url          = {https://medium.com/openwhisk/fb823c6bbb9b},
    note         = {Accessed: 2019-7-17}
}
